% Use this file for citations not found in the ACL Anthology (contained in "anthology.bib").

@article{吉川友也2017stair,
  title   = {STAIR Captions: 大規模日本語画像キャプションデータセット},
  author  = {吉川友也 and 重藤優太郎 and 竹内彰一},
  journal = {言語処理学会第 23 回年次大会},
  year    = {2017}
}

@article{sasagawa2024constructing,
  title   = {Constructing Multimodal Datasets from Scratch for Rapid Development of a Japanese Visual Language Model},
  author  = {Sasagawa, Keito and Maeda, Koki and Sugiura, Issa and Kurita, Shuhei and Okazaki, Naoaki and Kawahara, Daisuke},
  journal = {arXiv preprint arXiv:2410.22736},
  year    = {2024}
}

@inproceedings{lin2014microsoft,
  title        = {Microsoft coco: Common objects in context},
  author       = {Lin, Tsung-Yi and Maire, Michael and Belongie, Serge and Hays, James and Perona, Pietro and Ramanan, Deva and Doll{\'a}r, Piotr and Zitnick, C Lawrence},
  booktitle    = {Computer vision--ECCV 2014: 13th European conference, zurich, Switzerland, September 6-12, 2014, proceedings, part v 13},
  pages        = {740--755},
  year         = {2014},
  organization = {Springer}
}

@article{young2014image,
  title     = {From image descriptions to visual denotations: New similarity metrics for semantic inference over event descriptions},
  author    = {Young, Peter and Lai, Alice and Hodosh, Micah and Hockenmaier, Julia},
  journal   = {Transactions of the association for computational linguistics},
  volume    = {2},
  pages     = {67--78},
  year      = {2014},
  publisher = {MIT Press One Rogers Street, Cambridge, MA 02142-1209, USA journals-info~…}
}